<?xml version="1.0" encoding="UTF-8"?><record xmlns="http://www.loc.gov/MARC21/slim" xmlns:cinclude="http://apache.org/cocoon/include/1.0" xmlns:zs="http://www.loc.gov/zing/srw/">
  <leader>00502nz  a2200145n  4500</leader>
  <controlfield tag="001">no2011000930</controlfield>
  <controlfield tag="003">DLC</controlfield>
  <controlfield tag="005">20110106075342.0</controlfield>
  <controlfield tag="008">110104n| acannaabn          |n aaa     c</controlfield>
  <datafield tag="010" ind1=" " ind2=" ">
    <subfield code="a">no2011000930</subfield>
  </datafield>
  <datafield tag="035" ind1=" " ind2=" ">
    <subfield code="a">(OCoLC)oca08728946</subfield>
  </datafield>
  <datafield tag="040" ind1=" " ind2=" ">
    <subfield code="a">RPB-NP</subfield>
    <subfield code="b">eng</subfield>
    <subfield code="c">RPB-NP</subfield>
  </datafield>
  <datafield tag="100" ind1="1" ind2=" ">
    <subfield code="a">Godbout, Claude,</subfield>
    <subfield code="d">1941-</subfield>
  </datafield>
  <datafield tag="670" ind1=" " ind2=" ">
    <subfield code="a">Cinéma québécois, c2010:</subfield>
    <subfield code="b">title frame (Claude Godbout, producer)</subfield>
  </datafield>
  <datafield tag="670" ind1=" " ind2=" ">
    <subfield code="a">IMDb, Jan. 4, 2011</subfield>
    <subfield code="b">(Claude Godbout; b. Jan. 29, 1941, Montréal, Québec, Canada; producer, editor, actor)</subfield>
  </datafield>
</record>